@article{MA2023104828,
title = {Review on automated quality inspection of precast concrete components},
journal = {Automation in Construction},
volume = {150},
pages = {104828},
year = {2023},
issn = {0926-5805},
doi = {https://doi.org/10.1016/j.autcon.2023.104828},
url = {https://www.sciencedirect.com/science/article/pii/S0926580523000882},
author = {Zhiliang Ma and Yu Liu and Jiayi Li},
}

% Management and Leadership
@article{Turner2024,
  author       = {Turner, Shane P.},
  title        = {Project Engineers on the Frontline: The Impact of Work-Related Stressors and Turnover Intentions: A Correlational Study},
  school       = {},
  year         = {2024},
  address      = {},
  month        = {},
  note         = {},
  isbn         = {9798384064862},
  keywords     = {Burnout, Engineers, Job demands, Retention, Stress, Turnover},
  url          = {https://login.libweb.lib.utsa.edu/login?url=https://www.proquest.com/dissertations-theses/project-engineers-on-frontline-impact-work/docview/3101099933/se-2?accountid=7122},
}

@article{McCants2024,
  author       = {McCants, Marjorie H.},
  title        = {Leadership Development Strategies for Sustaining Organization Performance Through the Upper Echelon Theory},
  school       = {},
  year         = {2024},
  address      = {},
  month        = {},
  note         = {},
  isbn         = {9798381711547},
  keywords     = {Leader behavior, Leader continuity, Leader development, Leader sustainability, Leader transition, Mid-level manager},
  url          = {https://login.libweb.lib.utsa.edu/login?url=https://www.proquest.com/dissertations-theses/leadership-development-strategies-sustaining/docview/2928501574/se-2?accountid=7122},
}

@article{Carlstedt2020,
  author       = {Carlstedt, Christopher},
  title        = {Understanding the Contracting Environment in the AFSB: Army Logistician},
  journal      = {Army Sustainment},
  year         = {2020},
  volume       = {52},
  number       = {2},
  pages        = {84--88},
  month        = {Apr-Jun},
  publisher    = {Superintendent of Documents, United States Army},
  address      = {Fort Lee},
  issn         = {2153-5973},
  keywords     = {Combination, Understanding},
  url          = {https://login.libweb.lib.utsa.edu/login?url=https://www.proquest.com/trade-journals/understanding-contracting-environment-afsb/docview/2400098524/se-2?accountid=7122},
}

@article{Malin2020,
  author       = {Malin, Ryan},
  title        = {The Army's Process to Evaluate Costs versus Benefits: A Case Study on the Change of Command Ceremonies},
  school       = {},
  year         = {2020},
  address      = {},
  month        = {},
  note         = {},
  isbn         = {9798557030052},
  keywords     = {Army, Ceremony, Command, Inactivity, Readiness, Tradition},
  url          = {https://login.libweb.lib.utsa.edu/login?url=https://www.proquest.com/dissertations-theses/army-s-process-evaluate-costs-versus-benefits/docview/2476159147/se-2?accountid=7122},
}

% Process Improvement
@article{VanLaar2023,
  author       = {Van Laar, David M.},
  title        = {Knowledge Management Implementation in U.S. Army Headquarters: A Case Study},
  school       = {},
  year         = {2023},
  address      = {},
  month        = {},
  note         = {},
  isbn         = {9798379912710},
  keywords     = {Army headquarters, Knowledge barriers, Knowledge management, Knowledge transfer, Process theory},
  url          = {https://login.libweb.lib.utsa.edu/login?url=https://www.proquest.com/dissertations-theses/knowledge-management-implementation-u-s-army/docview/2838122663/se-2?accountid=7122},
}

@article{Le2023,
  author       = {Le, Jacqueline},
  title        = {Engineering Management Tool for Minimizing Errors and Costs in Diagnosing PTSD in Veterans},
  school       = {},
  year         = {2023},
  address      = {},
  month        = {},
  note         = {},
  isbn         = {9798358486072},
  keywords     = {Artificial intelligence, Health engineering, Lean engineering, Machine learning, Post-traumatic stress disorder},
  url          = {https://login.libweb.lib.utsa.edu/login?url=https://www.proquest.com/dissertations-theses/engineering-management-tool-minimizing-errors/docview/2748456193/se-2?accountid=7122},
}

@article{Richmond2023,
  author       = {Richmond, Ann M.},
  title        = {Improving Depot Repair Lead Time Using Lean Six Sigma},
  school       = {},
  year         = {2023},
  address      = {},
  month        = {},
  note         = {},
  isbn         = {9798357531308},
  keywords     = {Lean, Logistics, Maintenance, Repair, Service industry, Six sigma},
  url          = {https://login.libweb.lib.utsa.edu/login?url=https://www.proquest.com/dissertations-theses/improving-depot-repair-lead-time-using-lean-six/docview/2732555346/se-2?accountid=7122},
}

% Continuous Learning
@article{FunchesAllen2025,
  author       = {Funches Allen, Dawn},
  title        = {Analyzing Factors That Contribute to Cost Overruns on Department of Defense (DoD) Contractor Programs},
  school       = {},
  year         = {2025},
  address      = {},
  month        = {},
  note         = {},
  isbn         = {9798346806165},
  keywords     = {Classification, Cost overruns, Defense acquisition, Department of Defense, Diagnostic analytics, Machine learning},
  url          = {https://login.libweb.lib.utsa.edu/login?url=https://www.proquest.com/dissertations-theses/analyzing-factors-that-contribute-cost-overruns/docview/3142156496/se-2?accountid=7122},
}

@article{Patel2021,
  author       = {Patel, Nihar and Patel, Upesh and Hawk, II, Evert R. and Kapadia, Krupal},
  title        = {Stitching the Army's Data Fabric},
  journal      = {Army AL \& T},
  year         = {2021},
  volume       = {},
  number       = {},
  pages        = {14--19},
  month        = {Fall},
  publisher    = {Superintendent of Documents},
  address      = {Fort Belvoir},
  issn         = {1529-8507},
  keywords     = {Army, Artificial intelligence, Data},
  url          = {https://login.libweb.lib.utsa.edu/login?url=https://www.proquest.com/trade-journals/stitching-armys-data-fabric/docview/2595669220/se-2?accountid=7122},
}